@article{gallego2020event,
  title={Event-based vision: A survey},
  author={Gallego, Guillermo and Delbr{\"u}ck, Tobi and Orchard, Garrick and Bartolozzi, Chiara and Taba, Brian and Censi, Andrea and Leutenegger, Stefan and Davison, Andrew J and Conradt, J{\"o}rg and Daniilidis, Kostas and others},
  journal={IEEE transactions on pattern analysis and machine intelligence},
  volume={44},
  number={1},
  pages={154--180},
  year={2020},
  publisher={IEEE}
}

@article{posch2014retinomorphic,
  title={Retinomorphic event-based vision sensors: bioinspired cameras with spiking output},
  author={Posch, Christoph and Serrano-Gotarredona, Teresa and Linares-Barranco, Bernabe and Delbruck, Tobi},
  journal={Proceedings of the IEEE},
  volume={102},
  number={10},
  pages={1470--1484},
  year={2014},
  publisher={IEEE}
}

@inproceedings{rivas2005tools,
  title={Tools for address-event-representation communication systems and debugging},
  author={Rivas, Manuel and Gomez-Rodriguez, Francisco and Paz, Rafael and Linares-Barranco, Alejandro and Vicente, S and Cascado, D},
  booktitle={Artificial Neural Networks: Biological Inspirations--ICANN 2005: 15th International Conference, Warsaw, Poland, September 11-15, 2005. Proceedings, Part I 15},
  pages={289--296},
  year={2005},
  organization={Springer}
}

@phdthesis{liujinxin,
  title={基于PCNN的森林火灾图像识别方法研究},
  year={2020},
  author={吕金鑫},
  school={哈尔滨理工大学},
}

@phdthesis{wyb,
  title={基于图像特征的煤矿火灾检测与识别研究},
  year={2013},
  author={王媛彬},
  school={西安科技大学},
}

@article{burnett2018low,
  title={A low-cost near-infrared digital camera for fire detection and monitoring},
  author={Burnett, Jonathan D and Wing, Michael G},
  journal={International journal of remote sensing},
  volume={39},
  number={3},
  pages={741--753},
  year={2018},
  publisher={Taylor \& Francis}
}

@inproceedings{kogler2009bio,
  title={Bio-inspired stereo vision system with silicon retina imagers},
  author={Kogler, J{\"u}rgen and Sulzbachner, Christoph and Kubinger, Wilfried},
  booktitle={International Conference on Computer Vision Systems},
  pages={174--183},
  year={2009},
  organization={Springer}
}

@inproceedings{chen2004early,
  title={An early fire-detection method based on image processing},
  author={Chen, Thou-Ho and Wu, Ping-Hsueh and Chiou, Yung-Chuen},
  booktitle={2004 International Conference on Image Processing, 2004. ICIP'04.},
  volume={3},
  pages={1707--1710},
  year={2004},
  organization={IEEE}
}

@article{marbach2006image,
  title={An image processing technique for fire detection in video images},
  author={Marbach, Giuseppe and Loepfe, Markus and Brupbacher, Thomas},
  journal={Fire safety journal},
  volume={41},
  number={4},
  pages={285--289},
  year={2006},
  publisher={Elsevier}
}

@article{rudz2013investigation,
  title={Investigation of a novel image segmentation method dedicated to forest fire applications},
  author={Rudz, Steve and Chetehouna, Khaled and Hafiane, Adel and Laurent, H{\'e}l{\`e}ne and S{\'e}ro-Guillaume, Olivier},
  journal={Measurement Science and Technology},
  volume={24},
  number={7},
  pages={075403},
  year={2013},
  publisher={IOP Publishing}
}

@inproceedings{yamagishi2000contour,
  title={A contour fluctuation data processing method for fire flame detection using a color camera},
  author={Yamagishi, HIDEAKI and Yamaguchi, JUNICHI},
  booktitle={2000 26th Annual Conference of the IEEE Industrial Electronics Society. IECON 2000. 2000 IEEE International Conference on Industrial Electronics, Control and Instrumentation. 21st Century Technologies},
  volume={2},
  pages={824--829},
  year={2000},
  organization={IEEE}
}

@article{bedo2015techniques,
  title={Techniques for effective and efficient fire detection from social media images},
  author={Bedo, Marcos and Blanco, Gustavo and Oliveira, Willian and Cazzolato, Mirela and Costa, Alceu and Rodrigues, Jose and Traina, Agma and Traina Jr, Caetano},
  journal={arXiv preprint arXiv:1506.03844},
  year={2015}
}

@article{rossi2011use,
  title={On the use of stereovision to develop a novel instrumentation system to extract geometric fire fronts characteristics},
  author={Rossi, Lucile and Akhloufi, Moulay and Tison, Yves},
  journal={Fire Safety Journal},
  volume={46},
  number={1-2},
  pages={9--20},
  year={2011},
  publisher={Elsevier}
}

@article{2011Application,
  title={Application of Color Histogram Segmentation Method in Fire Detection},
  author={ Wei, Chen  and  Jing-Hua, Liu },
  journal={Computer Technology and Development},
  year={2011},
}

@article{dimitropoulos2014spatio,
  title={Spatio-temporal flame modeling and dynamic texture analysis for automatic video-based fire detection},
  author={Dimitropoulos, Kosmas and Barmpoutis, Panagiotis and Grammalidis, Nikos},
  journal={IEEE transactions on circuits and systems for video technology},
  volume={25},
  number={2},
  pages={339--351},
  year={2014},
  publisher={IEEE}
}

@inproceedings{rossi2013estimation,
  title={Estimation of spreading fire geometrical characteristics using near infrared stereovision},
  author={Rossi, Lucile and Toulouse, Tom and Akhloufi, Moulay and Pieri, Antoine and Tison, Yves},
  booktitle={Three-Dimensional Image Processing (3DIP) and Applications 2013},
  volume={8650},
  pages={65--72},
  year={2013},
  organization={SPIE}
}

@article{qcs,
  title={基于红外视频图像的火焰检测算法研究},
  author={秦重双},
  year={2021}
}

@phdthesis{dzw,
  title={基于红外图像动态特征的早期火焰探测方法研究},
  author={杜志伟},
  school={天津大学},
  year={2019}
}

@article{ko2012wildfire,
  title={Wildfire smoke detection using temporospatial features and random forest classifiers},
  author={Ko, ByoungChul and Kwak, Joon-Young and Nam, Jae-Yeal},
  journal={Optical Engineering},
  volume={51},
  number={1},
  pages={017208--017208},
  year={2012},
  publisher={Society of Photo-Optical Instrumentation Engineers}
}

@inproceedings{chino2015bowfire,
  title={Bowfire: detection of fire in still images by integrating pixel color and texture analysis},
  author={Chino, Daniel YT and Avalhais, Letricia PS and Rodrigues, Jose F and Traina, Agma JM},
  booktitle={2015 28th SIBGRAPI conference on graphics, patterns and images},
  pages={95--102},
  year={2015},
  organization={IEEE}
}

@article{celik2007fire,
  title={Fire detection using statistical color model in video sequences},
  author={Celik, Turgay and Demirel, Hasan and Ozkaramanli, Huseyin and Uyguroglu, Mustafa},
  journal={Journal of Visual Communication and Image Representation},
  volume={18},
  number={2},
  pages={176--185},
  year={2007},
  publisher={Elsevier}
}

@article{sruthiautoadaptive,
  title={Autoadaptive Flame Detection and Classification Using Deep Learning of FastFlameNet CNN},
  author={Sruthi, S and Anuradha, B}
}

@inproceedings{tian2011smoke,
  title={Smoke detection in videos using non-redundant local binary pattern-based features},
  author={Tian, Hongda and Li, Wanqing and Ogunbona, Philip and Nguyen, Duc Thanh and Zhan, Ce},
  booktitle={2011 IEEE 13th International workshop on multimedia signal processing},
  pages={1--4},
  year={2011},
  organization={IEEE}
}

@inproceedings{toreyin2007online,
  title={Online detection of fire in video},
  author={Toreyin, B Ugur and Cetin, A Enis},
  booktitle={2007 IEEE Conference on Computer Vision and Pattern Recognition},
  pages={1--5},
  year={2007},
  organization={IEEE}
}

@inproceedings{wang2016fire,
  title={Fire smoke detection based on texture features and optical flow vector of contour},
  author={Wang, Yakun and Wu, Aiguo and Zhang, Jie and Zhao, Meng and Li, Wenshuai and Dong, Na},
  booktitle={2016 12th world congress on intelligent control and automation (WCICA)},
  pages={2879--2883},
  year={2016},
  organization={IEEE}
}

@article{zds,
  title={YOLOv5上融合多特征的实时火焰检测方法},
  author={张大胜 and 肖汉光 and 文杰 and 徐勇},
  journal={模式识别与人工智能},
  volume={35},
  number={6},
  pages={548-561},
  year={2022},
}

@article{kim2019video,
  title={A video-based fire detection using deep learning models},
  author={Kim, Byoungjun and Lee, Joonwhoan},
  journal={Applied Sciences},
  volume={9},
  number={14},
  pages={2862},
  year={2019},
  publisher={MDPI}
}

@article{fukushima1970electronic,
  title={An electronic model of the retina},
  author={Fukushima, Kiyoshi and Yamaguchi, Yoshio and Yasuda, Mitsuru and Nagata, Shigemi},
  journal={Proceedings of the IEEE},
  volume={58},
  number={12},
  pages={1950--1951},
  year={1970},
  publisher={IEEE}
}

@article{tayarani2021event,
  title={Event-based sensing and signal processing in the visual, auditory, and olfactory domain: a review},
  author={Tayarani-Najaran, Mohammad-Hassan and Schmuker, Michael},
  journal={Frontiers in Neural Circuits},
  volume={15},
  pages={610446},
  year={2021},
  publisher={Frontiers Media SA}
}

@inproceedings{eibensteiner2017event,
  title={Event-driven stereo vision algorithm based on silicon retina sensors},
  author={Eibensteiner, Florian and Brachtendorf, Hans Georg and Scharinger, Josef},
  booktitle={2017 27th International Conference Radioelektronika (RADIOELEKTRONIKA)},
  pages={1--6},
  year={2017},
  organization={IEEE}
}

@article{baldwin2022time,
  title={Time-ordered recent event (TORE) volumes for event cameras},
  author={Baldwin, R Wes and Liu, Ruixu and Almatrafi, Mohammed and Asari, Vijayan and Hirakawa, Keigo},
  journal={IEEE Transactions on Pattern Analysis and Machine Intelligence},
  volume={45},
  number={2},
  pages={2519--2532},
  year={2022},
  publisher={IEEE}
}

@article{benosman2013event,
  title={Event-based visual flow},
  author={Benosman, Ryad and Clercq, Charles and Lagorce, Xavier and Ieng, Sio-Hoi and Bartolozzi, Chiara},
  journal={IEEE transactions on neural networks and learning systems},
  volume={25},
  number={2},
  pages={407--417},
  year={2013},
  publisher={IEEE}
}

@article{chapelle1999support,
  title={Support vector machines for histogram-based image classification},
  author={Chapelle, Olivier and Haffner, Patrick and Vapnik, Vladimir N},
  journal={IEEE transactions on Neural Networks},
  volume={10},
  number={5},
  pages={1055--1064},
  year={1999},
  publisher={IEEE}
}

@article{cortes1995support,
  title={Support-vector networks},
  author={Cortes, Corinna and Vapnik, Vladimir},
  journal={Machine learning},
  volume={20},
  pages={273--297},
  year={1995},
  publisher={Springer}
}

@article{stitson1996theory,
  title={Theory of support vector machines},
  author={Stitson, MO and Weston, JAE and Gammerman, A and Vovk, V and Vapnik, V},
  journal={University of London},
  volume={117},
  number={827},
  pages={188--191},
  year={1996}
}

@article{foggia2015real,
  title={Real-time fire detection for video-surveillance applications using a combination of experts based on color, shape, and motion},
  author={Foggia, Pasquale and Saggese, Alessia and Vento, Mario},
  journal={IEEE TRANSACTIONS on circuits and systems for video technology},
  volume={25},
  number={9},
  pages={1545--1556},
  year={2015},
  publisher={IEEE}
}

@article{peteri2008comprehensive,
  title={A comprehensive database of dynamic textures},
  author={P{\'e}teri, R and Huiskes, M},
  journal={URL: http://www. cwi. nl/projects/dyntex},
  year={2008}
}

@inproceedings{harris1988combined,
  title={A combined corner and edge detector},
  author={Harris, Chris and Stephens, Mike and others},
  booktitle={Alvey vision conference},
  volume={15},
  number={50},
  pages={10--5244},
  year={1988},
  organization={Citeseer}
}

@book{fly,
  title={傅里叶变换},
  author={冷建华},
  year={2004},
  publisher={清华大学出版社有限公司}
}

@article{suzuki1985topological,
  title={Topological structural analysis of digitized binary images by border following},
  author={Suzuki, Satoshi and others},
  journal={Computer vision, graphics, and image processing},
  volume={30},
  number={1},
  pages={32--46},
  year={1985},
  publisher={Elsevier}
}

@mastersthesis{ding2023,
  title={面向火焰实时监控的事件相机去噪和目标检测方法研究},
  year={2023},
  author={丁赛喆},
  school={中国科学技术大学},
}
2.14.1 顺序编码制

@book{sunliguang2016jidi,
  editor     = {孙立广},
  title      = {极地科学前沿与热点：顶级期刊论文摘要汇编（1999—2010）},
  address    = {合肥},
  publisher  = {中国科学技术大学出版社},
  year       = {2016},
  pages      = {222},
}

@book{liyongchi2016zhangliang,
  author     = {李永池},
  title      = {张量初步和近代连续介质力学概论},
  edition    = {2},
  address    = {合肥},
  publisher  = {中国科学技术大学出版社},
  year       = {2016},
  pages      = {61},
}

@book{liujingshuang2014shidi,
  author     = {刘景双},
  title      = {湿地生态系统碳、氮、硫、磷生物地球化学过程},
  address    = {合肥},
  publisher  = {中国科学技术大学出版社},
  year       = {2014},
}

@book{crawford1995future,
  author     = {Crawford, Walt and Gorman, Michael},
  title      = {Future Libraries: Dreams, Madness, \& Reality},
  address    = {Chicago},
  publisher  = {American Library Association},
  year       = {1995},
}

@book{ifla1977names,
  author     = {{International Federation of Library Association and Institutions}},
  title      = {Names of Persons: National Usage for Entry in Catalogues},
  edition    = {3},
  address    = {London},
  publisher  = {IFLA Internation Office for UBC},
  year       = {1977},
}

@incollection{chenggenwei1999hongshui,
  author     = {程根伟},
  title      = {1998年长江洪水的成因与减灾对策},
  editor     = {许厚泽 and 赵其国},
  booktitle  = {长江流域洪涝灾害与科技对策},
  address    = {北京},
  publisher  = {科学出版社},
  year       = {1999},
  pages      = {26--32},
}

@incollection{chenjinbiao1980jixian,
  author     = {陈晋镳 and 张惠民 and 朱士兴 and 赵震 and 王振刚},
  title      = {蓟县震旦亚界研究},
  editor     = {中国地质科学院天津地质矿产研究所},
  booktitle  = {中国震旦亚界},
  address    = {天津},
  publisher  = {天津科学技术出版社},
  year       = {1980},
  pages      = {56--114},
}

@incollection{buseck2018subsolidus,
  title      = {Subsolidus Phenomena in Pyroxenes},
  author     = {Buseck, Peter R and Nord, Jr., Gordon L and Veblen, David R},
  editor     = {Charles T. Prewitt},
  booktitle  = {Pyroxenes},
  address    = {Washington, D.C.},
  publisher  = {Mineralogical Society of America},
  year       = {1980},
  pages      = {117--212},
}

@inproceedings{fourney1971advances,
  author     = {Fourney, M E},
  title      = {Advances in Holographic Photoelasticity},
  booktitle  = {American Society of Mechanical Engineers．Applied Mechanics Division．Symposium on Applications of Holography in Mechanics, August 23-25,1971,University of Southern California, Los Angeles, California},
  address    = {New York},
  publisher  = {ASME},
  year       = {1971},
  pages      = {17--38},
}

@article{kongqingyong2015keji,
  author     = {孔庆勇 and 郭红健 and 孔庆和},
  title      = {我国科技期刊的金字塔分层模型及发展路径初探},
  journal    = {中国科技期刊研究},
  year       = {2015},
  volume     = {26},
  number     = {10},
  pages      = {1100--1103},
}

@article{yanghongsheng2013siku,
  author     = {杨洪升},
  title      = {四库馆私家抄校书考略},
  journal    = {文献},
  year       = {2013},
  number     = {1},
  pages      = {56--75},
}

@article{yuxiao2012hulianwang,
  author     = {于潇 and 刘义 and 柴跃廷 and others},
  title      = {互联网药品可信交易环境中主体资质审核备案模式},
  journal    = {清华大学学报(自然科学版)},
  year       = {2012},
  volume     = {52},
  number     = {11},
  pages      = {1518--1521},
}

@article{desmarais1992carbon,
  author     = {Des Marais, David J and Strauss, H and Summons, R E and others},
  title      = {Carbon Isotope Evidence for the Stepwise Oxidation of the Proterozoic Environment},
  journal    = {Nature},
  year       = {1992},
  volume     = {359},
  pages      = {605--609},
}

@article{hewitt1984technical,
  title      = {Technical Services in 1983},
  author     = {HEWITT, Joe A},
  journal    = {Library Resource Services},
  year       = {1984},
}

@newspaper{dingwenxiang2000shuzi,
  author     = {丁文详},
  title      = {数字革命与竞争国际化},
  journal    = {中国青年报},
  year       = {2000},
  date       = {2000-11-20},
  number     = {15},
}

@patent{jiangxizhou1989waifu,
  author     = {姜锡洲},
  title      = {一种温热外敷药制备方案},
  address    = {中国},
  number     = {88105607.3},
  year       = {1989},
  date       = {1989-07-26},
}

@database{wanjinkun1996wenzhai,
  author     = {万锦坤},
  title      = {中国大学学报论文文摘（1983--1993）（英文版）},
  medium     = {CD},
  address    = {北京},
  publisher  = {中国大百科全书出版社},
  year       = {1996},
}

@article{christine1998plant,
  title      = {Plant physiology: Plant Biology in the {Genome Era}},
  author     = {Mlot, Christine},
  journal    = {Science},
  volume     = {281},
  pages      = {331--332},
  year       = {1998},
  urldate    = {1998-09-23},
}

@phdthesis{sunyuwen2000hanyu,
  author     = {孙玉文},
  title      = {汉语变调构词研究},
  address    = {北京},
  school     = {北京大学},
  year       = {2000},
}

@phdthesis{cairns1965infrared,
  author     = {Cairns, Bruce Richard},
  title      = {Infrared Spectroscopic Studies of Solid Oxygen},
  address    = {Berkeley},
  school     = {Univ. of California},
  date       = {1965},
}

@proceedings{lixuexuehui1990lunwenji,
  title      = {第 3 届全国实验流体力学学术会议论文集},
  editor     = {中国力学学会},
  address    = {天津},
  year       = {1990},
}

@proceedings{rosenthall1963mathematical,
  editor     = {Rosenthall, Edward M},
  title      = {Proceedings of the {Fifth Canadian Mathematical Congress}, {University of Montreal}, 1961},
  address    = {Toronto},
  publisher  = {University of Toronto Press},
  year       = {1963},
}


2.14.2 著者-出版年制

@book{baker1995future,
  author     = {Baker, S K and Jackson, M E},
  title      = {The Future of Resource Sharing},
  address    = {New York},
  publisher  = {The Haworth Press},
  year       = {1995},
}

@book{nigeluopangdi1996shuzi,
  author     = {尼葛洛庞帝},
  title      = {数字化生存},
  translator = {胡泳 and 范海燕},
  address    = {海口},
  publisher  = {海南出版社},
  year       = {1996},
  key        = {ni2 ge3 luo4 pang2 di4},
}

@article{yangzongying1996dianzi,
  author     = {杨宗英},
  title      = {电子图书馆的现实模型},
  journal    = {中国图书馆学报},
  year       = {1996},
  number     = {2},
  pages      = {24--29},
  key        = {yang2 zong1 ying1},
}

@book{liubin2014lixue,
  author     = {刘斌},
  title      = {力学},
  address    = {合肥},
  puslisher  = {中国科学技术大学出版社},
  pages      = {24--29},
  year       = {2014},
  key        = {yang2 zong1 ying1},
}

本科毕业论文（设计）参考文献式样

@article{ustc-bachelor:01,
  title = {网络时代经济发展战略特征},
  author = {刘文富 and 顾丽梅},
  year = {2000},
  journal = {学术研究},
  volume = {21},
  number = {4},
  pages = {35--40},
  url = {https://kns.cnki.net/kcms2/article/abstract?v=3uoqIhG8C44YLTlOAiTRKgchrJ08w1e79zTD32bjb4xSTlZqRyr7rTIf7ok1AFpatLUPx8UT1OWFBNkw65sK7Uwjbq66SQOt&uniplatform=NZKPT},
  langid = {chinese}
}

@book{ustc-bachelor:02,
  title = {知识时代的企业合作经营},
  author = {肖渡 and 沈群红 and 张芸 and 胡汉辉},
  year = {2000},
  pages = {67--69},
  publisher = {北京大学出版社},
  address = {北京},
  url = {https://book.douban.com/subject/1632549/},
  langid = {chinese}
}

@techreport{ustc-bachelor:03,
  title = {Technology for Economic Growth},
  author = {{The White House}},
  year = {1993},
  month = nov,
  address = {Washington},
  url = {https://clintonwhitehouse6.archives.gov/1993/11/1993-11-04-technology-for-economic-growth-table-of-contents.html},
  langid = {english}
}

@article{ustc-bachelor:04,
  title = {Vibrational Dependence of the Anisotropic Intermolecular Potential of Argon-Hydrogen Chloride},
  author = {Hutson, Jeremy M.},
  year = {1992},
  month = may,
  journal = {J. Phys. Chem.},
  volume = {96},
  number = {11},
  pages = {4237--4247},
  issn = {0022-3654},
  doi = {10.1021/j100190a026},
  url = {https://doi.org/10.1021/j100190a026},
  urldate = {2023-05-31},
  langid = {english}
}
